@book{pfalzner1997many,
  title={Many-body tree methods in physics},
  author={Pfalzner, Susanne and Gibbon, Paul},
  year={1997}
}
@inproceedings{arthur2007k,
  title={K-means++ the advantages of careful seeding},
  author={Arthur, David and Vassilvitskii, Sergei},
  booktitle={Proceedings of the eighteenth annual ACM-SIAM symposium on Discrete algorithms},
  pages={1027--1035},
  year={2007}
}
@book{shavit2011art,
  title={The Art of Multiprocessor Programming, Revised Reprint},
  author={Shavit, Nir},
  year={2011},
  publisher={Elsevier Science \& Technology.}
}
